<?xml version="1.0" encoding="UTF-8"?>
  <record xmlns="http://www.loc.gov/MARC21/slim" type="Authority">
    <leader>00000nz  a2200000oc 4500</leader>
    <controlfield tag="001">10100706X</controlfield>
    <controlfield tag="003">DE-101</controlfield>
    <controlfield tag="005">20220721174741.0</controlfield>
    <controlfield tag="008">910916n||azznnaabn           | aaa    |c</controlfield>
    <datafield tag="024" ind1="7" ind2=" ">
      <subfield code="a">10100706X</subfield>
      <subfield code="0">http://d-nb.info/gnd/10100706X</subfield>
      <subfield code="2">gnd</subfield>
    </datafield>
    <datafield tag="035" ind1=" " ind2=" ">
      <subfield code="a">(DE-101)10100706X</subfield>
    </datafield>
    <datafield tag="035" ind1=" " ind2=" ">
      <subfield code="a">(DE-588)10100706X</subfield>
    </datafield>
    <datafield tag="035" ind1=" " ind2=" ">
      <subfield code="z">(DE-588a)10100706X</subfield>
      <subfield code="9">v:zg</subfield>
    </datafield>
    <datafield tag="035" ind1=" " ind2=" ">
      <subfield code="z">(DE-588a)119721597</subfield>
    </datafield>
    <datafield tag="035" ind1=" " ind2=" ">
      <subfield code="z">(DE-588c)4618615-3</subfield>
      <subfield code="9">v:zg</subfield>
    </datafield>
    <datafield tag="040" ind1=" " ind2=" ">
      <subfield code="a">DE-12</subfield>
      <subfield code="c">DE-12</subfield>
      <subfield code="9">r:DE-12</subfield>
      <subfield code="b">ger</subfield>
      <subfield code="d">9999</subfield>
    </datafield>
    <datafield tag="042" ind1=" " ind2=" ">
      <subfield code="a">gnd3</subfield>
    </datafield>
    <datafield tag="043" ind1=" " ind2=" ">
      <subfield code="c">XA-DE</subfield>
    </datafield>
    <datafield tag="065" ind1=" " ind2=" ">
      <subfield code="a">3.6p</subfield>
      <subfield code="2">sswd</subfield>
    </datafield>
    <datafield tag="065" ind1=" " ind2=" ">
      <subfield code="a">11.2p</subfield>
      <subfield code="2">sswd</subfield>
    </datafield>
    <datafield tag="075" ind1=" " ind2=" ">
      <subfield code="b">p</subfield>
      <subfield code="2">gndgen</subfield>
    </datafield>
    <datafield tag="075" ind1=" " ind2=" ">
      <subfield code="b">piz</subfield>
      <subfield code="2">gndspec</subfield>
    </datafield>
    <datafield tag="079" ind1=" " ind2=" ">
      <subfield code="a">g</subfield>
      <subfield code="q">a</subfield>
      <subfield code="q">f</subfield>
      <subfield code="q">z</subfield>
      <subfield code="q">s</subfield>
      <subfield code="u">k</subfield>
    </datafield>
    <datafield tag="100" ind1="0" ind2=" ">
      <subfield code="a">Crotus</subfield>
      <subfield code="c">Rubianus</subfield>
      <subfield code="d">1480-1545</subfield>
    </datafield>
    <datafield tag="375" ind1=" " ind2=" ">
      <subfield code="a">1</subfield>
      <subfield code="2">iso5218</subfield>
    </datafield>
    <datafield tag="400" ind1="1" ind2=" ">
      <subfield code="a">Rubecanus, Johannes</subfield>
      <subfield code="d">1480-1545</subfield>
    </datafield>
    <datafield tag="400" ind1="1" ind2=" ">
      <subfield code="a">Venator, Johannes aus Dornheim</subfield>
      <subfield code="d">1480-1545</subfield>
    </datafield>
    <datafield tag="400" ind1="1" ind2=" ">
      <subfield code="a">Venatorius, Johannes aus Dornheim</subfield>
      <subfield code="d">1480-1545</subfield>
    </datafield>
    <datafield tag="400" ind1="1" ind2=" ">
      <subfield code="a">Jäger, Johannes</subfield>
      <subfield code="d">1480-1545</subfield>
      <subfield code="4">nawi</subfield>
      <subfield code="4">https://d-nb.info/standards/elementset/gnd#realIdentity</subfield>
      <subfield code="w">r</subfield>
      <subfield code="i">Wirklicher Name</subfield>
      <subfield code="e">Wirklicher Name</subfield>
    </datafield>
    <datafield tag="400" ind1="1" ind2=" ">
      <subfield code="a">Jaeger, Johann</subfield>
      <subfield code="d">1480-1545</subfield>
    </datafield>
    <datafield tag="400" ind1="1" ind2=" ">
      <subfield code="a">Jaeger, Johannes</subfield>
      <subfield code="d">1480-1545</subfield>
    </datafield>
    <datafield tag="400" ind1="1" ind2=" ">
      <subfield code="a">Crotus, Johannes</subfield>
      <subfield code="c">Rubeanus</subfield>
      <subfield code="d">1480-1545</subfield>
    </datafield>
    <datafield tag="400" ind1="0" ind2=" ">
      <subfield code="a">Crotus Rubianus</subfield>
      <subfield code="d">1480-1545</subfield>
    </datafield>
    <datafield tag="400" ind1="1" ind2=" ">
      <subfield code="a">Venator, Johannes Crotus</subfield>
      <subfield code="d">1480-1545</subfield>
    </datafield>
    <datafield tag="400" ind1="1" ind2=" ">
      <subfield code="a">Crotus, Joannes</subfield>
      <subfield code="d">1480-1545</subfield>
    </datafield>
    <datafield tag="400" ind1="1" ind2=" ">
      <subfield code="a">Crotus, Johannes</subfield>
      <subfield code="d">1480-1545</subfield>
    </datafield>
    <datafield tag="400" ind1="0" ind2=" ">
      <subfield code="a">Crotus</subfield>
      <subfield code="c">Rubeanus</subfield>
      <subfield code="d">1480-1545</subfield>
    </datafield>
    <datafield tag="400" ind1="1" ind2=" ">
      <subfield code="a">Venator, Johann</subfield>
      <subfield code="d">1480-1545</subfield>
    </datafield>
    <datafield tag="400" ind1="1" ind2=" ">
      <subfield code="a">Venatorius, Johannes</subfield>
      <subfield code="d">1480-1545</subfield>
    </datafield>
    <datafield tag="400" ind1="1" ind2=" ">
      <subfield code="a">Crotus Venator, Johannes</subfield>
      <subfield code="d">1480-1545</subfield>
    </datafield>
    <datafield tag="400" ind1="1" ind2=" ">
      <subfield code="a">Jäger, Johann</subfield>
      <subfield code="d">1480-1545</subfield>
    </datafield>
    <datafield tag="500" ind1="1" ind2=" ">
      <subfield code="a">Eobanus, Helius</subfield>
      <subfield code="4">beza</subfield>
      <subfield code="4">https://d-nb.info/standards/elementset/gnd#acquaintanceshipOrFriendship</subfield>
      <subfield code="w">r</subfield>
      <subfield code="i">Bekanntschaft</subfield>
      <subfield code="e">Bekanntschaft</subfield>
      <subfield code="9">v:VD-16 Mitverf.</subfield>
    </datafield>
    <datafield tag="500" ind1="1" ind2=" ">
      <subfield code="a">Witzel, Georg</subfield>
      <subfield code="c">der Ältere</subfield>
      <subfield code="4">beza</subfield>
      <subfield code="4">https://d-nb.info/standards/elementset/gnd#acquaintanceshipOrFriendship</subfield>
      <subfield code="w">r</subfield>
      <subfield code="i">Bekanntschaft</subfield>
      <subfield code="e">Bekanntschaft</subfield>
      <subfield code="9">v:VD-16 Mitverf.</subfield>
    </datafield>
    <datafield tag="500" ind1="1" ind2=" ">
      <subfield code="0">(DE-101)104353066</subfield>
      <subfield code="0">(DE-588)104353066</subfield>
      <subfield code="0">https://d-nb.info/gnd/104353066</subfield>
      <subfield code="a">Novenianus, Philipp Michael</subfield>
      <subfield code="d">-1563</subfield>
      <subfield code="4">beza</subfield>
      <subfield code="4">https://d-nb.info/standards/elementset/gnd#acquaintanceshipOrFriendship</subfield>
      <subfield code="w">r</subfield>
      <subfield code="i">Bekanntschaft</subfield>
      <subfield code="e">Bekanntschaft</subfield>
      <subfield code="9">v:VD-16 Mitverf.</subfield>
    </datafield>
    <datafield tag="500" ind1="1" ind2=" ">
      <subfield code="a">Heune, Johannes</subfield>
      <subfield code="c">der Ältere</subfield>
      <subfield code="4">beza</subfield>
      <subfield code="4">https://d-nb.info/standards/elementset/gnd#acquaintanceshipOrFriendship</subfield>
      <subfield code="w">r</subfield>
      <subfield code="i">Bekanntschaft</subfield>
      <subfield code="e">Bekanntschaft</subfield>
      <subfield code="9">v:VD-16 Mitverf.</subfield>
    </datafield>
    <datafield tag="500" ind1="1" ind2=" ">
      <subfield code="0">(DE-101)118585517</subfield>
      <subfield code="0">(DE-588)118585517</subfield>
      <subfield code="0">https://d-nb.info/gnd/118585517</subfield>
      <subfield code="a">Münster, Sebastian</subfield>
      <subfield code="d">1488-1552</subfield>
      <subfield code="4">beza</subfield>
      <subfield code="4">https://d-nb.info/standards/elementset/gnd#acquaintanceshipOrFriendship</subfield>
      <subfield code="w">r</subfield>
      <subfield code="i">Bekanntschaft</subfield>
      <subfield code="e">Bekanntschaft</subfield>
      <subfield code="9">v:VD-16 Mitverf.</subfield>
    </datafield>
    <datafield tag="548" ind1=" " ind2=" ">
      <subfield code="a">1480-1545</subfield>
      <subfield code="4">datl</subfield>
      <subfield code="4">https://d-nb.info/standards/elementset/gnd#dateOfBirthAndDeath</subfield>
      <subfield code="w">r</subfield>
      <subfield code="i">Lebensdaten</subfield>
    </datafield>
    <datafield tag="550" ind1=" " ind2=" ">
      <subfield code="0">(DE-101)04030020X</subfield>
      <subfield code="0">(DE-588)4030020-1</subfield>
      <subfield code="0">https://d-nb.info/gnd/4030020-1</subfield>
      <subfield code="a">Katholischer Theologe</subfield>
      <subfield code="4">berc</subfield>
      <subfield code="4">https://d-nb.info/standards/elementset/gnd#professionOrOccupation</subfield>
      <subfield code="w">r</subfield>
      <subfield code="i">Charakteristischer Beruf</subfield>
    </datafield>
    <datafield tag="550" ind1=" " ind2=" ">
      <subfield code="0">(DE-101)041607775</subfield>
      <subfield code="0">(DE-588)4160777-6</subfield>
      <subfield code="0">https://d-nb.info/gnd/4160777-6</subfield>
      <subfield code="a">Humanist</subfield>
      <subfield code="4">beru</subfield>
      <subfield code="4">https://d-nb.info/standards/elementset/gnd#professionOrOccupation</subfield>
      <subfield code="w">r</subfield>
      <subfield code="i">Beruf</subfield>
    </datafield>
    <datafield tag="551" ind1=" " ind2=" ">
      <subfield code="0">(DE-101)966040120</subfield>
      <subfield code="0">(DE-588)4713464-1</subfield>
      <subfield code="0">https://d-nb.info/gnd/4713464-1</subfield>
      <subfield code="a">Dornheim</subfield>
      <subfield code="g">Ilm-Kreis</subfield>
      <subfield code="4">ortg</subfield>
      <subfield code="4">https://d-nb.info/standards/elementset/gnd#placeOfBirth</subfield>
      <subfield code="w">r</subfield>
      <subfield code="i">Geburtsort</subfield>
    </datafield>
    <datafield tag="551" ind1=" " ind2=" ">
      <subfield code="0">(DE-101)040229874</subfield>
      <subfield code="0">(DE-588)4022987-7</subfield>
      <subfield code="0">https://d-nb.info/gnd/4022987-7</subfield>
      <subfield code="a">Halberstadt</subfield>
      <subfield code="4">orts</subfield>
      <subfield code="4">https://d-nb.info/standards/elementset/gnd#placeOfDeath</subfield>
      <subfield code="w">r</subfield>
      <subfield code="i">Sterbeort</subfield>
    </datafield>
    <datafield tag="551" ind1=" " ind2=" ">
      <subfield code="0">(DE-101)040152405</subfield>
      <subfield code="0">(DE-588)4015240-6</subfield>
      <subfield code="0">https://d-nb.info/gnd/4015240-6</subfield>
      <subfield code="a">Erfurt</subfield>
      <subfield code="4">ortw</subfield>
      <subfield code="4">https://d-nb.info/standards/elementset/gnd#placeOfActivity</subfield>
      <subfield code="w">r</subfield>
      <subfield code="i">Wirkungsort</subfield>
    </datafield>
    <datafield tag="551" ind1=" " ind2=" ">
      <subfield code="0">(DE-101)040188590</subfield>
      <subfield code="0">(DE-588)4018859-0</subfield>
      <subfield code="0">https://d-nb.info/gnd/4018859-0</subfield>
      <subfield code="a">Fulda</subfield>
      <subfield code="4">ortw</subfield>
      <subfield code="4">https://d-nb.info/standards/elementset/gnd#placeOfActivity</subfield>
      <subfield code="w">r</subfield>
      <subfield code="i">Wirkungsort</subfield>
    </datafield>
    <datafield tag="551" ind1=" " ind2=" ">
      <subfield code="0">(DE-101)040230252</subfield>
      <subfield code="0">(DE-588)4023025-9</subfield>
      <subfield code="0">https://d-nb.info/gnd/4023025-9</subfield>
      <subfield code="a">Halle (Saale)</subfield>
      <subfield code="4">ortw</subfield>
      <subfield code="4">https://d-nb.info/standards/elementset/gnd#placeOfActivity</subfield>
      <subfield code="w">r</subfield>
      <subfield code="i">Wirkungsort</subfield>
    </datafield>
    <datafield tag="667" ind1=" " ind2=" ">
      <subfield code="a">12</subfield>
    </datafield>
    <datafield tag="667" ind1=" " ind2=" ">
      <subfield code="a">384</subfield>
    </datafield>
    <datafield tag="667" ind1=" " ind2=" ">
      <subfield code="a">VD-17</subfield>
    </datafield>
    <datafield tag="667" ind1=" " ind2=" ">
      <subfield code="a">VD-16</subfield>
    </datafield>
    <datafield tag="670" ind1=" " ind2=" ">
      <subfield code="a">M</subfield>
    </datafield>
    <datafield tag="672" ind1=" " ind2="0">
      <subfield code="a">Eobanus, Helius: DE LAVDIE. ET PRAECONIIS INCLITI ATQVE TOCIVS GERMANIAE celebratiss. Gymnasii literatorii ...  1507.  (VD16 E 1522)</subfield>
    </datafield>
    <datafield tag="672" ind1=" " ind2="0">
      <subfield code="a">Witzel, Georg &lt;der Ältere&gt;: CONQVESTIO DE CALAMITOSO IN PRAEsens rerum Christianarum statu: GEORGII VVICELII ...  1538.  (VD16 W 3903)</subfield>
    </datafield>
    <datafield tag="672" ind1=" " ind2="0">
      <subfield code="a">Apologia, qua respondetur femeritati calumniator non verentium ..</subfield>
      <subfield code="f">1531</subfield>
    </datafield>
    <datafield tag="672" ind1=" " ind2="0">
      <subfield code="a">Epistolae obscurorum virorum: nil preter Luseum continentes et Jocum in Paleas</subfield>
      <subfield code="f">[1518]</subfield>
    </datafield>
    <datafield tag="672" ind1=" " ind2="0">
      <subfield code="a">Epistolae obscurorum virorum ad venerabilem virum Magistrum Ortvinum Gratium Daventriensem</subfield>
      <subfield code="f">[1515]</subfield>
    </datafield>
    <datafield tag="672" ind1=" " ind2="0">
      <subfield code="a">Epistolae obscurorum virorum ad Venerabilem virum magistrum Ortvinum Gratium Daventriensem</subfield>
      <subfield code="f">[1516]</subfield>
    </datafield>
    <datafield tag="672" ind1=" " ind2="0">
      <subfield code="a">Epistolae obscurorum virorum</subfield>
      <subfield code="f">1557</subfield>
    </datafield>
    <datafield tag="678" ind1=" " ind2=" ">
      <subfield code="b">Dt. Humanist und kath. Theologe</subfield>
    </datafield>
    <datafield tag="678" ind1=" " ind2=" ">
      <subfield code="b">Humanist, Theologe</subfield>
    </datafield>
    <datafield tag="678" ind1=" " ind2=" ">
      <subfield code="b">Dt. Theologe und Humanist</subfield>
    </datafield>
    <datafield tag="913" ind1=" " ind2=" ">
      <subfield code="S">pnd</subfield>
      <subfield code="i">5</subfield>
      <subfield code="a">Crotus &lt;Rubianus&gt;</subfield>
      <subfield code="0">(DE-588a)10100706X</subfield>
    </datafield>
  </record>
